@MISC{W3C,
 AUTHOR={{W3C} --- {World Wide Web Consortium}},
 TITLE={{XML Tutorial}},
 HOWPUBLISHED={\url{http://www.w3schools.com/xml/}}
}
@MISC{WIKI,
 AUTHOR={Wikipedia},
 TITLE={{XML, What is it?}},
 HOWPUBLISHED={\url{http://en.wikipedia.org/wiki/XML}}
}
@MISC{gmaps4rails,
 AUTHOR={Benjamin Roth},
 TITLE={{Google Maps for Rails}},
 HOWPUBLISHED={\url{https://github.com/apneadiving/Google-Maps-for-Rails
}}
}
@MISC{gmapsapi,
 AUTHOR={Google},
 TITLE={{Google Maps API}},
 HOWPUBLISHED={\url{https://developers.google.com/maps/}}
}

@MISC{howtoactionbar,
 AUTHOR={Xavi Rigau},
 TITLE={{HowTo: ActionBarSherlock + MapFragment + ListFragment}},
 HOWPUBLISHED={\url{http://xrigau.wordpress.com/2012/03/22/howto-actionbarsherlock-mapfragment-listfragment/}}
}

@MISC{gpstutorial,
 AUTHOR={Pelle Braendgaard},
 TITLE={{Android GPS, Location Manager Tutorial}},
 HOWPUBLISHED={\url{http://www.androidhive.info/2012/07/android-gps-location-manager-tutorial/}}
}

@MISC{oauth,
 AUTHOR={OAuth},
 TITLE={{OAuth 2.0}},
 HOWPUBLISHED={\url{http://oauth.net/2/}}
}




