@book{book1,
    author    = "Ram D. Sriram",
    title     = "Intelligent Systems for Engineering",
    publisher = "Springer",
    year      = "1997",
    month    = "Agosto"
}

@book{book2,
    author    = "Stuart Russell e Peter Norvig",
    title     = "Artificial Intelligence: A Modern Approach",
    year      = "2009",
    month    = "Dezembro"
}

@misc{apontamentos,
    title     = "Apontamentos Aulas Te√≥ricas",
}

% ver formatacoes em http://en.wikibooks.org/wiki/LaTeX/Bibliography_Management ou http://en.wikipedia.org/wiki/BibTeX ou noutro site
